<record><leader>00000cas a22000007a 4500</leader><controlfield tag="001">27371199</controlfield><controlfield tag="008">930204d19651969njuwr ne      0    0eng d</controlfield><datafield ind1=" " ind2=" " tag="010"><subfield code="a">sn 93060894 </subfield></datafield><datafield ind1=" " ind2=" " tag="040"><subfield code="a">NJW</subfield><subfield code="b">eng</subfield><subfield code="c">NJW</subfield><subfield code="d">OCL</subfield><subfield code="d">OCLCQ</subfield></datafield><datafield ind1="0" ind2="0" tag="245"><subfield code="a">Dispatch and Berkely Heights beacon.</subfield></datafield><datafield ind1="1" ind2="3" tag="246"><subfield code="a">Dispatch (continuing the Berkeley Heights beacon)</subfield></datafield><datafield ind1="1" ind2="7" tag="246"><subfield code="a">Dispatch of New Providence, Berkeley Heights, N.J.</subfield></datafield><datafield ind1=" " ind2=" " tag="260"><subfield code="a">New Providence, N.J. :</subfield><subfield code="b">Passaic Valley Pub. Co.</subfield></datafield><datafield ind1=" " ind2=" " tag="300"><subfield code="a">v.</subfield></datafield><datafield ind1=" " ind2=" " tag="310"><subfield code="a">Weekly</subfield></datafield><datafield ind1="0" ind2=" " tag="362"><subfield code="a">Vol. 15, no. 20 (Jan. 21, 1965)-v. 18, no. 51 (Mar. 20, 1969).</subfield></datafield><datafield ind1=" " ind2=" " tag="752"><subfield code="a">United States</subfield><subfield code="b">New Jersey</subfield><subfield code="c">Union</subfield><subfield code="d">New Providence.</subfield></datafield><datafield ind1="0" ind2="0" tag="780"><subfield code="t">Dispatch (New Providence, N J. : 1963)</subfield><subfield code="w">(DLC)sn 93060893</subfield><subfield code="w">(OCoLC)27371066</subfield></datafield><datafield ind1="0" ind2="0" tag="785"><subfield code="t">Dispatch (New Providence, N.J. : 1969)</subfield><subfield code="w">(DLC)sn 93060895</subfield><subfield code="w">(OCoLC)27371331</subfield></datafield></record>